@misc{Bac02,
  title={Hashcash-a denial of service counter-measure},
  author={Back, Adam},
  year={2002}
}

@misc{Bon16,
  author = "Boneh, Dan",
  year = "2016",
  howpublished = "Personal definition of Dan Boneh"
}

@incollection{Nak08,
  title={Bitcoin: A peer-to-peer electronic cash system},
  author={Nakamoto, Satoshi},
  year={2008}
}

@article{But13,
  title={Ethereum white paper: a next generation smart contract \& decentralized application platform},
  author={Buterin, Vitalik},
  journal={www3. ethereum. org Nick Szabo,《 Formalizing and Securing Relationships on Public Networks》, http://szabo. best. vwh. net/formalize. html},
  year={2013}
}

@incollection{MP12,
  title={Trapdoors for lattices: Simpler, tighter, faster, smaller},
  author={Micciancio, Daniele and Peikert, Chris},
  booktitle={Advances in Cryptology--EUROCRYPT 2012},
  pages={700--718},
  year={2012},
  publisher={Springer}
}

@incollection{ACPS09,
  title={Fast cryptographic primitives and circular-secure encryption based on hard learning problems},
  author={Applebaum, Benny and Cash, David and Peikert, Chris and Sahai, Amit},
  booktitle={Advances in Cryptology-CRYPTO 2009},
  pages={595--618},
  year={2009},
  publisher={Springer}
}

@incollection{MM11,
  title={Pseudorandom knapsacks and the sample complexity of LWE search-to-decision reductions},
  author={Micciancio, Daniele and Mol, Petros},
  booktitle={Advances in Cryptology--CRYPTO 2011},
  pages={465--484},
  year={2011},
  publisher={Springer}
}

@inproceedings{BLPRS13,
  title={Classical hardness of learning with errors},
  author={Brakerski, Zvika and Langlois, Adeline and Peikert, Chris and Regev, Oded and Stehl{\'e}, Damien},
  booktitle={Proceedings of the forty-fifth annual ACM symposium on Theory of computing},
  pages={575--584},
  year={2013},
  organization={ACM}
}

@article{Reg04,
  title={On lattices, learning with errors, random linear codes, and cryptography},
  author={Regev, Oded},
  journal={Journal of the ACM (JACM)},
  volume={56},
  number={6},
  pages={34},
  year={2009},
  publisher={ACM}
}

@inproceedings{Pei09,
  title={Public-key cryptosystems from the worst-case shortest vector problem},
  author={Peikert, Chris},
  booktitle={Proceedings of the forty-first annual ACM symposium on Theory of computing},
  pages={333--342},
  year={2009},
  organization={ACM}
}

@incollection{BLMR13,
  title={Key homomorphic PRFs and their applications},
  author={Boneh, Dan and Lewi, Kevin and Montgomery, Hart and Raghunathan, Ananth},
  booktitle={Advances in Cryptology--CRYPTO 2013},
  pages={410--428},
  year={2013},
  publisher={Springer}
}

@inproceedings{GVW15,
  title={Predicate encryption for circuits from LWE},
  author={Gorbunov, Sergey and Vaikuntanathan, Vinod and Wee, Hoeteck},
  booktitle={Annual Cryptology Conference},
  pages={503--523},
  year={2015},
  organization={Springer}
}

@article{GGM86,
  title={How to construct random functions},
  author={Goldreich, Oded and Goldwasser, Shafi and Micali, Silvio},
  journal={Journal of the ACM (JACM)},
  volume={33},
  number={4},
  pages={792--807},
  year={1986},
  publisher={ACM}
}

@inproceedings{BW13,
  title={Constrained pseudorandom functions and their applications},
  author={Boneh, Dan and Waters, Brent},
  booktitle={International Conference on the Theory and Application of Cryptology and Information Security},
  pages={280--300},
  year={2013},
  organization={Springer}
}

@inproceedings{KPTZ13,
  title={Delegatable pseudorandom functions and applications},
  author={Kiayias, Aggelos and Papadopoulos, Stavros and Triandopoulos, Nikos and Zacharias, Thomas},
  booktitle={Proceedings of the 2013 ACM SIGSAC conference on Computer \& communications security},
  pages={669--684},
  year={2013},
  organization={ACM}
}

@inproceedings{BGI14,
  title={Functional signatures and pseudorandom functions},
  author={Boyle, Elette and Goldwasser, Shafi and Ivan, Ioana},
  booktitle={International Workshop on Public Key Cryptography},
  pages={501--519},
  year={2014},
  organization={Springer}
}

@techreport{BLW15,
  title={Constraining pseudorandom functions privately},
  author={Boneh, Dan and Lewi, Kevin and Wu, David J},
  year={2015},
  institution={IACR Cryptology ePrint Archive, 2015: 1167}
}

@inproceedings{HKW15,
  title={Adaptively secure puncturable pseudorandom functions in the standard model},
  author={Hohenberger, Susan and Koppula, Venkata and Waters, Brent},
  booktitle={International Conference on the Theory and Application of Cryptology and Information Security},
  pages={79--102},
  year={2015},
  organization={Springer}
}

@article{HKKW14,
  title={Adaptively Secure Constrained Pseudorandom Functions.},
  author={Hofheinz, Dennis and Kamath, Akshay and Koppula, Venkata and Waters, Brent},
  journal={IACR Cryptology ePrint Archive},
  volume={2014},
  pages={720},
  year={2014}
}

@inproceedings{FKPR14,
  title={Adaptive security of constrained prfs},
  author={Fuchsbauer, Georg and Konstantinov, Momchil and Pietrzak, Krzysztof and Rao, Vanishree},
  booktitle={International Conference on the Theory and Application of Cryptology and Information Security},
  pages={82--101},
  year={2014},
  organization={Springer}
}

@article{Hof14,
  title={Fully secure constrained pseudorandom functions using random oracles.},
  author={Hofheinz, Dennis},
  journal={IACR Cryptology ePrint Archive},
  volume={2014},
  pages={372},
  year={2014}
}

@inproceedings{SW14,
  title={How to use indistinguishability obfuscation: deniable encryption, and more},
  author={Sahai, Amit and Waters, Brent},
  booktitle={Proceedings of the 46th Annual ACM Symposium on Theory of Computing},
  pages={475--484},
  year={2014},
  organization={ACM}
}

@article{BV11b,
  title={Efficient fully homomorphic encryption from (standard) LWE},
  author={Brakerski, Zvika and Vaikuntanathan, Vinod},
  journal={SIAM Journal on Computing},
  volume={43},
  number={2},
  pages={831--871},
  year={2014},
  publisher={SIAM}
}

@inproceedings{BGV12,
  title={(Leveled) fully homomorphic encryption without bootstrapping},
  author={Brakerski, Zvika and Gentry, Craig and Vaikuntanathan, Vinod},
  booktitle={Proceedings of the 3rd Innovations in Theoretical Computer Science Conference},
  pages={309--325},
  year={2012},
  organization={ACM}
}

@incollection{GSW13,
  title={Homomorphic encryption from learning with errors: Conceptually-simpler, asymptotically-faster, attribute-based},
  author={Gentry, Craig and Sahai, Amit and Waters, Brent},
  booktitle={Advances in Cryptology--CRYPTO 2013},
  pages={75--92},
  year={2013},
  publisher={Springer}
}

@inproceedings{BV14,
  title={Lattice-based FHE as secure as PKE},
  author={Brakerski, Zvika and Vaikuntanathan, Vinod},
  booktitle={Proceedings of the 5th conference on Innovations in theoretical computer science},
  pages={1--12},
  year={2014},
  organization={ACM}
}

@inproceedings{AP14,
  title={Faster bootstrapping with polynomial error},
  author={Alperin-Sheriff, Jacob and Peikert, Chris},
  booktitle={International Cryptology Conference},
  pages={297--314},
  year={2014},
  organization={Springer}
}

@inproceedings{BGGHNSVV14,
  title={Fully key-homomorphic encryption, arithmetic circuit ABE and compact garbled circuits},
  author={Boneh, Dan and Gentry, Craig and Gorbunov, Sergey and Halevi, Shai and Nikolaenko, Valeria and Segev, Gil and Vaikuntanathan, Vinod and Vinayagamurthy, Dhinakaran},
  booktitle={Annual International Conference on the Theory and Applications of Cryptographic Techniques},
  pages={533--556},
  year={2014},
  organization={Springer}
}

@inproceedings{BV15,
  title={Constrained key-homomorphic PRFs from standard lattice assumptions},
  author={Brakerski, Zvika and Vaikuntanathan, Vinod},
  booktitle={Theory of Cryptography Conference},
  pages={1--30},
  year={2015},
  organization={Springer}
}

@techreport{BV16,
  title={Circuit-ABE from LWE: Unbounded attributes and semi-adaptive security},
  author={Brakerski, Zvika and Vaikuntanathan, Vinod},
  year={2016},
  institution={IACR Cryptology ePrint Archive}
}

@techreport{BCTW16,
  title={Targeted Homomorphic Attribute Based Encryption},
  author={Brakerski, Zvika and Cash, David and Tsabary, Rotem and Wee, Hoeteck},
  year={2016},
  institution={IACR Cryptology ePrint Archive}
}

@inproceedings{BP14,
  title={New and improved key-homomorphic pseudorandom functions},
  author={Banerjee, Abhishek and Peikert, Chris},
  booktitle={International Cryptology Conference},
  pages={353--370},
  year={2014},
  organization={Springer}
}

@inproceedings{BPR12,
  title={Pseudorandom functions and lattices},
  author={Banerjee, Abhishek and Peikert, Chris and Rosen, Alon},
  booktitle={Annual International Conference on the Theory and Applications of Cryptographic Techniques},
  pages={719--737},
  year={2012},
  organization={Springer}
}

@inproceedings{BFPPS,
  title={Key-homomorphic constrained pseudorandom functions},
  author={Banerjee, Abhishek and Fuchsbauer, Georg and Peikert, Chris and Pietrzak, Krzysztof and Stevens, Sophie},
  booktitle={Theory of Cryptography Conference},
  pages={31--60},
  year={2015},
  organization={Springer}
}

@inproceedings{GV15,
  title={Riding on asymmetry: Efficient ABE for branching programs},
  author={Gorbunov, Sergey and Vinayagamurthy, Dhinakaran},
  booktitle={International Conference on the Theory and Application of Cryptology and Information Security},
  pages={550--574},
  year={2015},
  organization={Springer}
}

@inproceedings{MW16,
  title={Two round multiparty computation via multi-key FHE},
  author={Mukherjee, Pratyay and Wichs, Daniel},
  booktitle={Annual International Conference on the Theory and Applications of Cryptographic Techniques},
  pages={735--763},
  year={2016},
  organization={Springer}
}

@inproceedings{CM15,
  title={Multi-identity and multi-key leveled FHE from learning with errors},
  author={Clear, Michael and McGoldrick, Ciar{\'a}n},
  booktitle={Annual Cryptology Conference},
  pages={630--656},
  year={2015},
  organization={Springer}
}

@article{PS16,
  title={Multi-Key FHE from LWE, Revisited},
  author={Peikert, Chris and Shiehian, Sina},
  year={2016}
}

@inproceedings{BP16,
  title={Lattice-based fully dynamic multi-key FHE with short ciphertexts},
  author={Brakerski, Zvika and Perlman, Renen},
  year={2016},
  organization={CRYPTO}
}

@inproceedings{Ajt96,
  title={Generating hard instances of lattice problems},
  author={Ajtai, Mikl{\'o}s},
  booktitle={Proceedings of the twenty-eighth annual ACM symposium on Theory of computing},
  pages={99--108},
  year={1996},
  organization={ACM}
}

@inproceedings{BSW11,
  title={Functional encryption: Definitions and challenges},
  author={Boneh, Dan and Sahai, Amit and Waters, Brent},
  booktitle={Theory of Cryptography Conference},
  pages={253--273},
  year={2011},
  organization={Springer}
}

@incollection{AGVW13,
  title={Functional encryption: New perspectives and lower bounds},
  author={Agrawal, Shweta and Gorbunov, Sergey and Vaikuntanathan, Vinod and Wee, Hoeteck},
  booktitle={Advances in Cryptology--CRYPTO 2013},
  pages={500--518},
  year={2013},
  publisher={Springer}
}

@inproceedings{SS10,
  title={Worry-free encryption: functional encryption with public keys},
  author={Sahai, Amit and Seyalioglu, Hakan},
  booktitle={Proceedings of the 17th ACM conference on Computer and communications security},
  pages={463--472},
  year={2010},
  organization={ACM}
}

@article{O'N10,
  title={Definitional Issues in Functional Encryption.},
  author={O'Neill, Adam},
  journal={IACR Cryptology ePrint Archive},
  volume={2010},
  pages={556},
  year={2010}
}

@inproceedings{KSW08,
  title={Predicate encryption supporting disjunctions, polynomial equations, and inner products},
  author={Katz, Jonathan and Sahai, Amit and Waters, Brent},
  booktitle={Annual International Conference on the Theory and Applications of Cryptographic Techniques},
  pages={146--162},
  year={2008},
  organization={Springer}
}

@inproceedings{OT09,
  title={Hierarchical predicate encryption for inner-products},
  author={Okamoto, Tatsuaki and Takashima, Katsuyuki},
  booktitle={International Conference on the Theory and Application of Cryptology and Information Security},
  pages={214--231},
  year={2009},
  organization={Springer}
}

@inproceedings{AFV11,
  title={Functional encryption for inner product predicates from learning with errors},
  author={Agrawal, Shweta and Freeman, David Mandell and Vaikuntanathan, Vinod},
  booktitle={International Conference on the Theory and Application of Cryptology and Information Security},
  pages={21--40},
  year={2011},
  organization={Springer}
}

@article{GVW13,
  title={Attribute-based encryption for circuits},
  author={Gorbunov, Sergey and Vaikuntanathan, Vinod and Wee, Hoeteck},
  journal={Journal of the ACM (JACM)},
  volume={62},
  number={6},
  pages={45},
  year={2015},
  publisher={ACM}
}

@inproceedings{GMW15,
  title={Predicate encryption for multi-dimensional range queries from lattices},
  author={Gay, Romain and M{\'e}aux, Pierrick and Wee, Hoeteck},
  booktitle={IACR International Workshop on Public Key Cryptography},
  pages={752--776},
  year={2015},
  organization={Springer}
}

@inproceedings{BZ14,
  title={Multiparty key exchange, efficient traitor tracing, and more from indistinguishability obfuscation},
  author={Boneh, Dan and Zhandry, Mark},
  booktitle={International Cryptology Conference},
  pages={480--499},
  year={2014},
  organization={Springer}
}

@article{CRV14,
  title={Constrained Pseudorandom Functions: Verifiable and Delegatable.},
  author={Chandran, Nishanth and Raghuraman, Srinivasan and Vinayagamurthy, Dhinakaran},
  journal={IACR Cryptology ePrint Archive},
  volume={2014},
  pages={522},
  year={2014}
}

@inproceedings{AFP16,
  title={Constrained prfs for unbounded inputs},
  author={Abusalah, Hamza and Fuchsbauer, Georg and Pietrzak, Krzysztof},
  booktitle={Cryptographers’ Track at the RSA Conference},
  pages={413--428},
  year={2016},
  organization={Springer}
}

@inproceedings{DKW16,
  title={Constrained Pseudorandom Functions for Unconstrained Inputs},
  author={Deshpande, Apoorvaa and Koppula, Venkata and Waters, Brent},
  booktitle={Annual International Conference on the Theory and Applications of Cryptographic Techniques},
  pages={124--153},
  year={2016},
  organization={Springer}
}

@article{O10,
  title={Definitional Issues in Functional Encryption.},
  author={O'Neill, Adam},
  journal={IACR Cryptology ePrint Archive},
  volume={2010},
  pages={556},
  year={2010}
}

@article{TV06,
  title={On random$\pm$1 matrices: singularity and determinant},
  author={Tao, Terence and Vu, Van},
  journal={Random Structures \& Algorithms},
  volume={28},
  number={1},
  pages={1--23},
  year={2006},
  publisher={Wiley Online Library}
}={2007}
}

@article{KKS95,
  title={On the probability that a random$\pm$1-matrix is singular},
  author={Kahn, Jeff and Koml{\'o}s, J{\'a}nos and Szemer{\'e}di, Endre},
  journal={Journal of the American Mathematical Society},
  volume={8},
  number={1},
  pages={223--240},
  year={1995}
}

@article{TV07,
  title={On the singularity probability of random Bernoulli matrices},
  author={Tao, Terence and Vu, Van},
  journal={Journal of the American Mathematical Society},
  volume={20},
  number={3},
  pages={603--628},
  year={2007}
}

@inproceedings{GI14,
  author    = {Niv Gilboa and
               Yuval Ishai},
  title     = {Distributed Point Functions and Their Applications},
  booktitle = {{EUROCRYPT} 2014},
  pages     = {640--658},
  year      = {2014}
}

@inproceedings{BGI15,
  author    = {Elette Boyle and
               Niv Gilboa and
               Yuval Ishai},
  title     = {Function Secret Sharing},
  booktitle = {{EUROCRYPT} 2015}, 
  pages     = {337--367},
  year      = {2015}
}

@article{CKGS98,
  author    = {Benny Chor and
               Eyal Kushilevitz and
               Oded Goldreich and
               Madhu Sudan},
  title     = {Private Information Retrieval},
  journal   = {J. {ACM}},
  volume    = {45},
  number    = {6},
  pages     = {965--981},
  year      = {1998}
}

@inproceedings{water,
 author = {Cohen, Aloni and Holmgren, Justin and Nishimaki, Ryo and Vaikuntanathan, Vinod and Wichs, Daniel},
 title = {Watermarking Cryptographic Capabilities},
 booktitle = {Proceedings of {STOC} 2016},
 year = {2016}
} 

@inproceedings{CDNO97,
  author = {Ran Canetti and Cynthia Dwork and Moni Naor and Rafail Ostrovsky},
  title = {Deniable encryption},
  booktitle = {Proc. of {CRYPTO} '97},
  pages = {90–104},
  year = 1997
}

@inproceedings{BB04,
  title={Efficient selective-ID secure identity-based encryption without random oracles},
  author={Boneh, Dan and Boyen, Xavier},
  booktitle={International Conference on the Theory and Applications of Cryptographic Techniques},
  pages={223--238},
  year={2004},
  organization={Springer}
}